<?xml version="1.0" encoding="utf-8"?>
<record xmlns="http://www.loc.gov/MARC21/slim" xmlns:xsi="http://www.w3.org/2001/XMLSchema-instance" xsi:schemaLocation="http://www.loc.gov/MARC21/slim http://www.loc.gov/standards/marcxml/schema/MARC21slim.xsd">
	<leader>     nam a22        4500</leader>
	<controlfield tag="001">3080924</controlfield>
	<controlfield tag="003">NNC</controlfield>
	<controlfield tag="006">m        d        </controlfield>
	<controlfield tag="007">cr cn |||m|||a</controlfield>
	<controlfield tag="008">150505s1950    ua      o     000 0 ara d</controlfield>
	<datafield ind1=" " ind2=" " tag="040">
		<subfield code="a">NNU</subfield>
		<subfield code="b">eng</subfield>
		<subfield code="e">rda</subfield>
		<subfield code="c">NNU</subfield>
	</datafield>
	<datafield ind1="1" ind2=" " tag="100">
		<subfield code="6">880-01</subfield>
		<subfield code="a">Mīrghanī, Jaʻfar ibn Muḥammad. </subfield>
	</datafield>
	<datafield ind1="1" ind2="3" tag="245">
		<subfield code="6">880-02</subfield>
		<subfield code="a">al-ʻUqūd al-fāʼiqah al-durrīyah fī bathth qiṣṣat al-isrāʼ bi-Sayyid walad ʻAdnān,</subfield>
		<subfield code="c">taʼlīf al-Sayyid Jaʻfar al-Ṣādiq najl al-Sayyid Muḥammad ʻUthman al-Mīrghanī. Wayalīhā: Dīwān Nafaḥāt al-tīb fī madḥ al-Ḥabīb, lil-Sayyid Muḥammad ʻUthmān Tāj-al-Sirr ibn al-Sayyid Muḥammad Sirr-al-Khatm al-Mīrghanī. Wayalīhi: Jumlat qaṣāʼid lil-Sādah al-Mīrghanīyah wa-Khulafāʼihim. Al-tabʻah al-akhīrah.</subfield>
	</datafield>
	<datafield ind1=" " ind2=" " tag="260">
		<subfield code="6">880-03</subfield>
		<subfield code="a">Miṣr :</subfield>
		<subfield code="b">Maktabat Muṣṭafá al-Bābī al-Ḥalabī,</subfield>
		<subfield code="c">1369 h., 1950 m.</subfield>
	</datafield>
	<datafield ind1=" " ind2=" " tag="300">
		<subfield code="a">online resource (144 pages)</subfield>
	</datafield>
	<datafield ind1=" " ind2=" " tag="336">
		<subfield code="a">text</subfield>
		<subfield code="2">rdacontent</subfield>
	</datafield>
	<datafield ind1=" " ind2=" " tag="337">
		<subfield code="a">computer</subfield>
		<subfield code="2">rdamedia</subfield>
	</datafield>
	<datafield ind1=" " ind2=" " tag="338">
		<subfield code="a">online resource</subfield>
		<subfield code="2">rdacarrier</subfield>
	</datafield>
	<datafield ind1=" " ind2=" " tag="500">
		<subfield code="a">Part of the Arabic Collections Online (ACO) project, contributed by Columbia University Libraries.</subfield>
	</datafield>
	<datafield ind1=" " ind2=" " tag="533">
		<subfield code="a">Electronic reproduction.</subfield>
		<subfield code="b">New York, N.Y. :</subfield>
		<subfield code="c">New York University,</subfield>
		<subfield code="d">2015.</subfield>
		<subfield code="5">NNU</subfield>
	</datafield>
	<datafield ind1="2" ind2=" " tag="710">
		<subfield code="a">Columbia University.</subfield>
		<subfield code="b">Libraries.</subfield>
	</datafield>
	<datafield ind1="0" ind2=" " tag="730">
		<subfield code="a">Arabic Collections Online.</subfield>
	</datafield>
	<datafield ind1="0" ind2="8" tag="776">
		<subfield code="i">Print version:</subfield>
		<subfield code="a">Mīrghanī, Jaʻfar ibn Muḥammad.</subfield>
		<subfield code="t">al-ʻUqūd al-fāʼiqah al-durrīyah fī bathth qiṣṣat al-isrāʼ bi-Sayyid walad ʻAdnān</subfield>
		<subfield code="w">(NNC)3080924</subfield>
		<subfield code="w">(OCoLC)47934643</subfield>
	</datafield>
	<datafield ind1="4" ind2="0" tag="856">
		<subfield code="u">http://hdl.handle.net/2333.1/stqjq4qb</subfield>
	</datafield>
	<datafield ind1="1" ind2=" " tag="880">
		<subfield code="6">100-01/r</subfield>
		<subfield code="a">ميرغني، جعفر بن محمد. </subfield>
	</datafield>
	<datafield ind1="1" ind2="2" tag="880">
		<subfield code="6">245-02/r</subfield>
		<subfield code="a">العقود الفائقة الدرية في بث قصة الاسراء بسيد ولد عدنان،</subfield>
		<subfield code="c">تأليف السيد جعفر الصادق نجل السيد محمد عثمن الميرغني. ويليها: ديوان نفحات التيب في مدح الحبيب، للسيد محمد عثمان تاج السر بن السيد محمد سرالختم الميرغني. ويليه: جملة قصائد للسادة الميرغنية وخلفائهم. التبعة الاخيرة.</subfield>
	</datafield>
	<datafield ind1=" " ind2=" " tag="880">
		<subfield code="6">260-03/r</subfield>
		<subfield code="a">مصر :</subfield>
		<subfield code="b">مكتبة مصطفى البابي الحلبي،</subfield>
		<subfield code="c">1369 ه.، 1950 م.</subfield>
	</datafield>
	<datafield ind1=" " ind2=" " tag="959">
		<subfield code="a">NNU</subfield>
		<subfield code="b">WEB</subfield>
		<subfield code="c">GENI</subfield>
		<subfield code="t">0</subfield>
		<subfield code="m">Electronic access</subfield>
		<subfield code="s">01</subfield>
	</datafield>
	<datafield ind1=" " ind2=" " tag="999">
		<subfield code="i">NNC_3080924</subfield>
		<subfield code="o">(OCoLC)ocm47934643</subfield>
		<subfield code="e">(ERROR-880)</subfield>
		<subfield code="s">columbia_aco000364</subfield>
	</datafield>
</record>
